<record><leader>00000cas a22000007a 4500</leader><controlfield tag="001">12067261</controlfield><controlfield tag="008">850522d18571912ohuwr ne      0    0eng d</controlfield><datafield ind1=" " ind2=" " tag="010"><subfield code="a">sn 85026155 </subfield></datafield><datafield ind1=" " ind2=" " tag="040"><subfield code="a">NPX</subfield><subfield code="b">eng</subfield><subfield code="c">NPX</subfield><subfield code="d">NPU</subfield><subfield code="d">ONP</subfield><subfield code="d">MGN</subfield><subfield code="d">OCLCQ</subfield></datafield><datafield ind1=" " ind2=" " tag="042"><subfield code="a">msc</subfield></datafield><datafield ind1="0" ind2=" " tag="130"><subfield code="a">Middletown journal (Middletown, Ohio : 1857)</subfield></datafield><datafield ind1="1" ind2="4" tag="245"><subfield code="a">The Middletown journal.</subfield></datafield><datafield ind1=" " ind2=" " tag="260"><subfield code="a">Middletown, Ohio :</subfield><subfield code="b">C.H. &amp; J.B. Brock</subfield></datafield><datafield ind1=" " ind2=" " tag="300"><subfield code="a">v. :</subfield><subfield code="b">ill. (chiefly advertisements) ;</subfield><subfield code="c">63 cm.</subfield></datafield><datafield ind1=" " ind2=" " tag="310"><subfield code="a">Weekly</subfield></datafield><datafield ind1="1" ind2=" " tag="362"><subfield code="a">Began in 1857; ceased in 1912? Cf. Gutgesell, S. Guide to Ohio newspapers, 1974.</subfield></datafield><datafield ind1=" " ind2=" " tag="500"><subfield code="a">Editors: C.H. Brock &amp; J.B. Brock, &lt;1873&gt;; E.T. Harkrader, &lt;1874-1875&gt;.</subfield></datafield><datafield ind1=" " ind2=" " tag="500"><subfield code="a">Publishers: E.T. &amp; J.H. Harkrader, &lt;1874&gt;.</subfield></datafield><datafield ind1=" " ind2=" " tag="500"><subfield code="a">"A home paper."</subfield></datafield><datafield ind1=" " ind2=" " tag="500"><subfield code="a">"Issued every Thursday morning."</subfield></datafield><datafield ind1=" " ind2=" " tag="580"><subfield code="a">Daily ed.: Middletown journal (Middletown, Ohio : 1891).</subfield></datafield><datafield ind1=" " ind2=" " tag="588"><subfield code="a">Description based on: Vol. 7, no. 1 (July 27, 1865).</subfield></datafield><datafield ind1=" " ind2=" " tag="752"><subfield code="a">United States</subfield><subfield code="b">Ohio</subfield><subfield code="c">Butler</subfield><subfield code="d">Middletown.</subfield></datafield><datafield ind1="1" ind2=" " tag="775"><subfield code="t">Middletown journal (Middletown, Ohio : 1891)</subfield><subfield code="w">(DLC)sn 88077326</subfield></datafield></record>